@article{lehne2009protein,
  title={Protein-protein interaction databases: keeping up with growing interactomes},
  author={Lehne, Benjamin and Schlitt, Thomas},
  journal={Human genomics},
  volume={3},
  number={3},
  pages={291},
  year={2009},
  publisher={Springer}
}

@article{zheng2017ld,
  title={LD Hub: a centralized database and web interface to perform LD score regression that maximizes the potential of summary level GWAS data for SNP heritability and genetic correlation analysis},
  author={Zheng, Jie and Erzurumluoglu, A Mesut and Elsworth, Benjamin L and Kemp, John P and Howe, Laurence and Haycock, Philip C and Hemani, Gibran and Tansey, Katherine and Laurin, Charles and Pourcain, Beate St and others},
  journal={Bioinformatics},
  volume={33},
  number={2},
  pages={272--279},
  year={2017},
  publisher={Oxford University Press}
}

@article{hakes2008protein,
  title={Protein-protein interaction networks and biology—what's the connection?},
  author={Hakes, Luke and Pinney, John W and Robertson, David L and Lovell, Simon C},
  journal={Nature biotechnology},
  volume={26},
  number={1},
  pages={69--72},
  year={2008},
  publisher={Nature Publishing Group}
}

@article{de2010protein,
  title={Protein--protein interactions essentials: key concepts to building and analyzing interactome networks},
  author={De Las Rivas, Javier and Fontanillo, Celia},
  journal={PLoS Comput Biol},
  volume={6},
  number={6},
  pages={e1000807},
  year={2010},
  publisher={Public Library of Science}
}


@incollection{dong2018analyses,
  title={Analyses of protein interaction networks using computational tools},
  author={Dong, Shaowei and Provart, Nicholas J},
  booktitle={Two-Hybrid Systems},
  pages={97--117},
  year={2018},
  publisher={Springer}
}

@article{luck2020reference,
  title={A reference map of the human binary protein interactome},
  author={Luck, Katja and Kim, Dae-Kyum and Lambourne, Luke and Spirohn, Kerstin and Begg, Bridget E and Bian, Wenting and Brignall, Ruth and Cafarelli, Tiziana and Campos-Laborie, Francisco J and Charloteaux, Benoit and others},
  journal={Nature},
  volume={580},
  number={7803},
  pages={402--408},
  year={2020},
  publisher={Nature Publishing Group}
}

@article{mele2015human,
  title={The human transcriptome across tissues and individuals},
  author={Mel{\'e}, Marta and Ferreira, Pedro G and Reverter, Ferran and DeLuca, David S and Monlong, Jean and Sammeth, Michael and Young, Taylor R and Goldmann, Jakob M and Pervouchine, Dmitri D and Sullivan, Timothy J and others},
  journal={Science},
  volume={348},
  number={6235},
  pages={660--665},
  year={2015},
  publisher={American Association for the Advancement of Science}
}

@article{tyagi2012large,
  title={Large-scale mapping of human protein interactome using structural complexes},
  author={Tyagi, Manoj and Hashimoto, Kosuke and Shoemaker, Benjamin A and Wuchty, Stefan and Panchenko, Anna R},
  journal={EMBO reports},
  volume={13},
  number={3},
  pages={266--271},
  year={2012},
  publisher={John Wiley \& Sons, Ltd Chichester, UK}
}

@article{sudlow2015uk,
  title={UK biobank: an open access resource for identifying the causes of a wide range of complex diseases of middle and old age},
  author={Sudlow, Cathie and Gallacher, John and Allen, Naomi and Beral, Valerie and Burton, Paul and Danesh, John and Downey, Paul and Elliott, Paul and Green, Jane and Landray, Martin and others},
  journal={Plos med},
  volume={12},
  number={3},
  pages={e1001779},
  year={2015},
  publisher={Public Library of Science}
}





@article{orchard2012molecular,
  title={Molecular interaction databases},
  author={Orchard, Sandra},
  journal={Proteomics},
  volume={12},
  number={10},
  pages={1656--1662},
  year={2012},
  publisher={Wiley Online Library}
}

@article{alonso2019apid,
  title={APID database: redefining protein--protein interaction experimental evidences and binary interactomes},
  author={Alonso-L{\'o}pez, Diego and Campos-Laborie, Francisco J and Guti{\'e}rrez, Miguel A and Lambourne, Luke and Calderwood, Michael A and Vidal, Marc and De Las Rivas, Javier},
  journal={Database},
  volume={2019},
  year={2019},
  publisher={Narnia}
}

@article{gtex2015genotype,
  title={The Genotype-Tissue Expression (GTEx) pilot analysis: Multitissue gene regulation in humans},
  author={GTEx Consortium and others},
  journal={Science},
  volume={348},
  number={6235},
  pages={648--660},
  year={2015},
  publisher={American Association for the Advancement of Science}
}

@article{salwinski2004database,
  title={The database of interacting proteins: 2004 update},
  author={Salwinski, Lukasz and Miller, Christopher S and Smith, Adam J and Pettit, Frank K and Bowie, James U and Eisenberg, David},
  journal={Nucleic acids research},
  volume={32},
  number={suppl\_1},
  pages={D449--D451},
  year={2004},
  publisher={Oxford University Press}
}

@article{keenan2001signal,
  title={The signal recognition particle},
  author={Keenan, Robert J and Freymann, Douglas M and Stroud, Robert M and Walter, Peter},
  journal={Annual review of biochemistry},
  volume={70},
  number={1},
  pages={755--775},
  year={2001},
  publisher={Annual Reviews 4139 El Camino Way, PO Box 10139, Palo Alto, CA 94303-0139, USA}
}



@article{zhao2020misuse,
  title={Misuse of RPKM or TPM normalization when comparing across samples and sequencing protocols},
  author={Zhao, Shanrong and Ye, Zhan and Stanton, Robert},
  journal={RNA},
  pages={rna--074922},
  year={2020},
  publisher={Cold Spring Harbor Lab}
}







@article{tran2019condition,
  title={Condition-specific series of metabolic sub-networks and its application for gene set enrichment analysis},
  author={Tran, Van Du T and Moretti, S{\'e}bastien and Coste, Alix T and Amorim-Vaz, Sara and Sanglard, Dominique and Pagni, Marco},
  journal={Bioinformatics},
  volume={35},
  number={13},
  pages={2258--2266},
  year={2019},
  publisher={Oxford University Press}
}



@article{tomczak2018interpretation,
  title={Interpretation of biological experiments changes with evolution of the Gene Ontology and its annotations},
  author={Tomczak, Aurelie and Mortensen, Jonathan M and Winnenburg, Rainer and Liu, Charles and Alessi, Dominique T and Swamy, Varsha and Vallania, Francesco and Lofgren, Shane and Haynes, Winston and Shah, Nigam H and others},
  journal={Scientific reports},
  volume={8},
  number={1},
  pages={1--10},
  year={2018},
  publisher={Nature Publishing Group}
}



@article{orchard2012protein,
  title={Protein interaction data curation: the International Molecular Exchange (IMEx) consortium},
  author={Orchard, Sandra and Kerrien, Samuel and Abbani, Sara and Aranda, Bruno and Bhate, Jignesh and Bidwell, Shelby and Bridge, Alan and Briganti, Leonardo and Brinkman, Fiona SL and Cesareni, Gianni and others},
  journal={Nature methods},
  volume={9},
  number={4},
  pages={345--350},
  year={2012},
  publisher={Nature Publishing Group}
}

@article{kim2018experimenting,
  title={Experimenting with reproducibility: a case study of robustness in bioinformatics},
  author={Kim, Yang-Min and Poline, Jean-Baptiste and Dumas, Guillaume},
  journal={GigaScience},
  volume={7},
  number={7},
  pages={giy077},
  year={2018},
  publisher={Oxford University Press}
}

@article{bera2002pote,
  title={POTE, a highly homologous gene family located on numerous chromosomes and expressed in prostate, ovary, testis, placenta, and prostate cancer},
  author={Bera, Tapan K and Zimonjic, Drazen B and Popescu, Nicholas C and Sathyanarayana, Bangalore K and Kumar, Vasantha and Lee, Byungkook and Pastan, Ira},
  journal={Proceedings of the National Academy of Sciences},
  volume={99},
  number={26},
  pages={16975--16980},
  year={2002},
  publisher={National Acad Sciences}
}

@article{guerrier2009f,
  title={The F-BAR domain of srGAP2 induc

  publisher={IOP Publishing}
}
es membrane protrusions required for neuronal migration and morphogenesis},
  author={Guerrier, Sabrice and Coutinho-Budd, Jaeda and Sassa, Takayuki and Gresset, Aur{\'e}lie and Jordan, Nicole Vincent and Chen, Keng and Jin, Wei-Lin and Frost, Adam and Polleux, Franck},
  journal={Cell},
  volume={138},
  number={5},
  pages={990--1004},
  year={2009},
  publisher={Elsevier}
}

@article{siitonen2019finnish,
  title={Finnish Parkinson’s disease study integrating protein-protein interaction network data with exome sequencing analysis},
  author={Siitonen, Ari and Kyt{\"o}vuori, Laura and Nalls, Mike A and Gibbs, Raphael and Hernandez, Dena G and Ylikotila, Pauli and Peltonen, Markku and Singleton, Andrew B and Majamaa, Kari},
  journal={Scientific reports},
  volume={9},
  number={1},
  pages={1--8},
  year={2019},
  publisher={Nature Publishing Group}
}

@article{hu2017network,
  title={Network and pathway-based analyses of genes associated with Parkinson’s disease},
  author={Hu, Yanshi and Pan, Zhenhua and Hu, Ying and Zhang, Lei and Wang, Ju},
  journal={Molecular neurobiology},
  volume={54},
  number={6},
  pages={4452--4465},
  year={2017},
  publisher={Springer}
}

@article{prajapati2020gene,
  title={Gene Prioritization in Parkinson's Disease Using Human Protein--Protein Interaction Network},
  author={Prajapati, Rutvi and Emerson, Isaac Arnold},
  journal={Journal of Computational Biology},
  year={2020},
  publisher={Mary Ann Liebert, Inc., publishers 140 Huguenot Street, 3rd Floor New~…}
}

@article{wagner2001small,
  title={The small world inside large metabolic networks},
  author={Wagner, Andreas and Fell, David A},
  journal={Proceedings of the Royal Society of London. Series B: Biological Sciences},
  volume={268},
  number={1478},
  pages={1803--1810},
  year={2001},
  publisher={The Royal Society}
}

@article{vertes2015annual,
  title={Annual research review: growth connectomics--the organization and reorganization of brain networks during normal and abnormal development},
  author={V{\'e}rtes, Petra E and Bullmore, Edward T},
  journal={Journal of Child Psychology and Psychiatry},
  volume={56},
  number={3},
  pages={299--320}

@article{jarman2017self,
  title={Self-organisation of small-world networks by adaptive rewiring in response to graph diffusion},
  author={Jarman, Nicholas and Steur, Erik and Trengove, Chris and Tyukin, Ivan Y and van Leeuwen, Cees},
  journal={Scientific Reports},
  volume={7},
  number={1},
  pages={1--9},
  year={2017},
  publisher={Nature Publishing Group}
}





@book{beltrami2013mathematical,
  title={Mathematical models for society and biology},
  author={Beltrami, Edward},
  year={2013},
  chapter={7},
  publisher={Academic Press}
}


@article{gleich2015pagerank,
  title={PageRank beyond the Web},
  author={Gleich, David F},
  journal={Siam Review},
  volume={57},
  number={3},
  pages={321--363},
  year={2015},
  publisher={SIAM}
}



@article{he2006hubs,
  title={Why do hubs tend to be essential in protein networks?},
  author={He, Xionglei and Zhang, Jianzhi},
  journal={PLoS Genet},
  volume={2},
  number={6},
  pages={e88},
  year={2006},
  publisher={Public Library of Science}
}

@article{de1978contacts,
  title={Contacts and influence},
  author={de Sola Pool, Ithiel and Kochen, Manfred},
  journal={Social networks},
  volume={1},
  number={1},
  pages={5--51},
  year={1978},
  publisher={Elsevier}
}



 

@article{newman2003social,
  title={Why social networks are different from other types of networks},
  author={Newman, Mark EJ and Park, Juyong},
  journal={Physical review E},
  volume={68},
  number={3},
  pages={036122},
  year={2003},
  publisher={APS}
}



@article{nikolayeva2018network,
  title={Network module identification—A widespread theoretical bias and best practices},
  author={Nikolayeva, Iryna and Pla, Oriol Guitart and Schwikowski, Benno},
  journal={Methods},
  volume={132},
  pages={19--25},
  year={2018},
  publisher={Elsevier}
}

@article{yu2007importance,
  title={The importance of bottlenecks in protein networks: correlation with gene essentiality and expression dynamics},
  author={Yu, Haiyuan and Kim, Philip M and Sprecher, Emmett and Trifonov, Valery and Gerstein, Mark},
  journal={PLoS Comput Biol},
  volume={3},
  number={4},
  pages={e59},
  year={2007},
  publisher={Public Library of Science}
}





@article{dorogovtsev2006k,
  title={K-core organization of complex networks},
  author={Dorogovtsev, Sergey N and Goltsev, Alexander V and Mendes, Jose Ferreira F},
  journal={Physical review letters},
  volume={96},
  number={4},
  pages={040601},
  year={2006},
  publisher={APS}
}

@article{neal2017small,
  title={How small is it? Comparing indices of small worldliness},
  author={Neal, Zachary P},
  journal={Network Science},
  volume={5},
  number={1},
  pages={30--44},
  year={2017},
  publisher={Cambridge University Press}
}




@incollection{diestel2017basics,
  title={The basics},
  author={Diestel, Reinhard},
  booktitle={Graph Theory},
  pages={1--34},
  year={2017},
  publisher={Springer}
}

@article{oliver2000guilt,
  title={Guilt-by-association goes global},
  author={Oliver, Stephen},
  journal={Nature},
  volume={403},
  number={6770},
  pages={601--602},
  year={2000},
  publisher={Nature Publishing Group}
}

@article{zhong2013prediction,
  title={Prediction of essential proteins based on gene expression programming},
  author={Zhong, Jiancheng and Wang, Jianxin and Peng, Wei and Zhang, Zhen and Pan, Yi},
  journal={BMC genomics},
  volume={14},
  number={4},
  pages={1--8},
  year={2013},
  publisher={BioMed Central}
}

@article{coughlan2016centromeres,
  title={Centromeres of the yeast Komagataella phaffii (Pichia pastoris) have a simple inverted-repeat structure},
  author={Coughlan, Aisling Y and Hanson, Sara J and Byrne, Kevin P and Wolfe, Kenneth H},
  journal={Genome biology and evolution},
  volume={8},
  number={8},
  pages={2482--2492},
  year={2016},
  publisher={Oxford University Press}
}






@article{vasques2020transitivity,
  title={Transitivity and degree assortativity explained: The bipartite structure of social networks},
  author={Vasques Filho, Demival and O'Neale, Dion RJ},
  journal={Physical Review E},
  volume={101},
  number={5},
  pages={052305},
  year={2020},
  publisher={APS}
}


@article{maslov2002specificity,
  title={Specificity and stability in topology of protein networks},
  author={Maslov, Sergei and Sneppen, Kim},
  journal={Science},
  volume={296},
  number={5569},
  pages={910--913},
  year={2002},
  publisher={American Association for the Advancement of Science}
}






  
  
  
@article{danon2006effect,
  title={The effect of size heterogeneity on community identification in complex networks},
  author={Danon, Leon and Diaz-Guilera, Albert and Arenas, Alex},
  journal={Journal of Statistical Mechanics: Theory and Experiment},
  volume={2006},
  number={11},
  pages={P11010},
  year={2006},
  publisher={IOP Publishing}
}



@article{newman2006modularity,
  title={Modularity and community structure in networks},
  author={Newman, Mark EJ},
  journal={Proceedings of the national academy of sciences},
  volume={103},
  number={23},
  pages={8577--8582},
  year={2006},
  publisher={National Acad Sciences}
}




@article{fortunato2004method,
  title={Method to find community structures based on information centrality},
  author={Fortunato, Santo and Latora, Vito and Marchiori, Massimo},
  journal={Physical review E},
  volume={70},
  number={5},
  pages={056104},
  year={2004},
  publisher={APS}
}

@article{baker2012geneweaver,
  title={GeneWeaver: a web-based system for integrative functional genomics},
  author={Baker, Erich J and Jay, Jeremy J and Bubier, Jason A and Langston, Michael A and Chesler, Elissa J},
  journal={Nucleic acids research},
  volume={40},
  number={D1},
  pages={D1067--D1076},
  year={2012},
      publisher={Oxford University Press}
      }
      









@article{hill2014functional,
  title={Functional gene group analysis indicates no role for heterotrimeric G proteins in cognitive ability},
  author={Hill, W David and de Leeuw, Christiaan and Davies, Gail and Liewald, David Cherry McLachlan and Payton, Anthony and Craig, Leone CA and Whalley, Lawrence J and Horan, Mike and Ollier, William and Starr, John M and others},
  journal={PloS one},
  volume={9},
  number={3},
  pages={e91690},
  year={2014},
  publisher={Public Library of Science}
}

@article{ahn2010link,
  title={Link communities reveal multiscale complexity in networks},
  author={Ahn, Yong-Yeol and Bagrow, James P and Lehmann, Sune},
  journal={nature},
  volume={466},
  number={7307},
  pages={761--764},
  year={2010},
  publisher={Nature Publishing Group}
}

%complexity


@inproceedings{amelio2015normalized,
  title={Is normalized mutual information a fair measure for comparing community detection methods?},
  author={Amelio, Alessia and Pizzuti, Clara},
  booktitle={Proceedings of the 2015 IEEE/ACM International Conference on Advances in Social Networks Analysis and Mining 2015},
  pages={1584--1585},
  year={2015}
}



@article{guimera2004modularity,
  title={Modularity from fluctuations in random graphs and complex networks},
  author={Guimera, Roger and Sales-Pardo, Marta and Amaral, Lu{\'\i}s A Nunes},
  journal={Physical Review E},
  volume={70},
  number={2},
  pages={025101},
  year={2004},
  publisher={APS}
}


@article{meng2018coupled,
  title={Coupled node similarity learning for community detection in attributed networks},
  author={Meng, Fanrong and Rui, Xiaobin and Wang, Zhixiao and Xing, Yan and Cao, Longbing},
  journal={Entropy},
  volume={20},
  number={6},
  pages={471},
  year={2018},
  publisher={Multidisciplinary Digital Publishing Institute}
}









@article{danon2005comparing,
  title={Comparing community structure identification},
  author={Danon, Leon and Diaz-Guilera, Albert and Duch, Jordi and Arenas, Alex},
  journal={Journal of statistical mechanics: Theory and experiment},
  volume={2005},
  number={09},
  pages={P09008},
  year={2005},
  publisher={IOP Publishing}
}

@article{fortunato2007resolution,
  title={Resolution limit in community detection},
  author={Fortunato, Santo and Barthelemy, Marc},
  journal={Proceedings of the national academy of sciences},
  volume={104},
  number={1},
  pages={36--41},
  year={2007},
  publisher={National Acad Sciences}
}

@article{isler2009expensive,
  title={The expensive brain: a framework for explaining evolutionary changes in brain size},
  author={Isler, Karin and van Schaik, Carel P},
  journal={Journal of human evolution},
  volume={57},
  number={4},
  pages={392--400},
  year={2009},
  publisher={Elsevier}
}




@article{wadhams2004making,
  title={Making sense of it all: bacterial chemotaxis},
  author={Wadhams, George H and Armitage, Judith P},
  journal={Nature reviews Molecular cell biology},
  volume={5},
  number={12},
  pages={1024--1037},
  year={2004},
  publisher={Nature Publishing Group}
}

@article{guimera2004modularity,
  title={Modularity from fluctuations in random graphs and complex networks},
  author={Guimera, Roger and Sales-Pardo, Marta and Amaral, Lu{\'\i}s A Nunes},
  journal={Physical Review E},
  volume={70},
  number={2},
  pages={025101},
  year={2004},
  publisher={APS}
}


@article{gow2011stability,
  title={Stability and change in intelligence from age 11 to ages 70, 79, and 87: the Lothian Birth Cohorts of 1921 and 1936.},
  author={Gow, Alan J and Johnson, Wendy and Pattie, Alison and Brett, Caroline E and Roberts, Beverly and Starr, John M and Deary, Ian J},
  journal={Psychology and aging},
  volume={26},
  number={1},
  pages={232},
  year={2011},
  publisher={American Psychological Association}
}

@article{whitehead2019reach,
  title={The reach of gene--culture coevolution in animals},
  author={Whitehead, Hal and Laland, Kevin N and Rendell, Luke and Thorogood, Rose and Whiten, Andrew},
  journal={Nature Communications},
  volume={10},
  number={1},
  pages={1--10},
  year={2019},
  publisher={Nature Publishing Group}
}

@article{rask2011trends,
  title={Trends in the exploitation of novel drug targets},
  author={Rask-Andersen, Mathias and Alm{\'e}n, Markus S{\"a}llman and Schi{\"o}th, Helgi B},
  journal={Nature reviews Drug discovery},
  volume={10},
  number={8},
  pages={579--590},
  year={2011},
  publisher={Nature Publishing Group}
}

@article{barrenas2009network,
  title={Network properties of complex human disease genes identified through genome-wide association studies},
  author={Barrenas, Fredrik and Chavali, Sreenivas and Holme, Petter and Mobini, Reza and Benson, Mikael},
  journal={PloS one},
  volume={4},
  number={11},
  pages={e8090},
  year={2009},
  publisher={Public Library of Science}
}

@article{hindorff2009potential,
  title={Potential etiologic and functional implications of genome-wide association loci for human diseases and traits},
  author={Hindorff, Lucia A and Sethupathy, Praveen and Junkins, Heather A and Ramos, Erin M and Mehta, Jayashri P and Collins, Francis S and Manolio, Teri A},
  journal={Proceedings of the National Academy of Sciences},
  volume={106},
  number={23},
  pages={9362--9367},
  year={2009},
  publisher={National Acad Sciences}
}


@article{trzaskowski2013intelligence,
  title={Intelligence indexes generalist genes for cognitive abilities},
  author={Trzaskowski, Maciej and Shakeshaft, Nicholas G and Plomin, Robert},
  journal={Intelligence},
  volume={41},
  number={5},
  pages={560--565},
  year={2013},
  publisher={Elsevier}
}


@article{serafino2021true,
  title={True scale-free networks hidden by finite size effects},
  author={Serafino, Matteo and Cimini, Giulio and Maritan, Amos and Rinaldo, Andrea and Suweis, Samir and Banavar, Jayanth R and Caldarelli, Guido},
  journal={Proceedings of the National Academy of Sciences},
  volume={118},
  number={2},
  year={2021},
  publisher={National Acad Sciences}
}

